{
    "id": -1,
    "method": "public/get-trades",
    "code": 0,
    "result": {
        "instrument_name": "BTC_USDT",
        "data": [
            {
                "d": "1749043503360040209",
                "t": 1749043503360,
                "tn": 1749043503360040209,
                "q": "0.00118",
                "p": "105118.70",
                "s": "BUY",
                "i": "BTC_USDT",
                "m": "4611686018612625552",
                "dataTime": 1749043503360
            },
            {
                "d": "1749043503360038788",
                "t": 1749043503360,
                "tn": 1749043503360038788,
                "q": "0.04883",
                "p": "105117.95",
                "s": "BUY",
                "i": "BTC_USDT",
                "m": "4611686018612625551",
                "dataTime": 1749043503360
            },
            {
                "d": "1749043503359198487",
                "t": 1749043503359,
                "tn": 1749043503359198487,
                "q": "0.05001",
                "p": "105114.11",
                "s": "BUY",
                "i": "BTC_USDT",
                "m": "4611686018612625550",
                "dataTime": 1749043503359
            },
            {
                "d": "1749043503358832891",
                "t": 1749043503358,
                "tn": 1749043503358832890,
                "q": "0.04000",
                "p": "105114.11",
                "s": "BUY",
                "i": "BTC_USDT",
                "m": "4611686018612625549",
                "dataTime": 1749043503358
            },
            {
                "d": "1749043503358832890",
                "t": 1749043503358,
                "tn": 1749043503358832890,
                "q": "0.02000",
                "p": "105114.11",
                "s": "BUY",
                "i": "BTC_USDT",
                "m": "4611686018612625549",
                "dataTime": 1749043503358
            },
            {
                "d": "1749043503358830287",
                "t": 1749043503358,
                "tn": 1749043503358830287,
                "q": "0.04001",
                "p": "105112.00",
                "s": "BUY",
                "i": "BTC_USDT",
                "m": "4611686018612625548",
                "dataTime": 1749043503358
            },
            {
                "d": "1749043503358627006",
                "t": 1749043503358,
                "tn": 1749043503358627006,
                "q": "0.22509",
                "p": "105112.00",
                "s": "BUY",
                "i": "BTC_USDT",
                "m": "4611686018612625547",
                "dataTime": 1749043503358
            },
            {
                "d": "1749043503358604932",
                "t": 1749043503358,
                "tn": 1749043503358604931,
                "q": "0.03490",
                "p": "105112.00",
                "s": "BUY",
                "i": "BTC_USDT",
                "m": "4611686018612625546",
                "dataTime": 1749043503358
            },
            {
                "d": "1749043503358604931",
                "t": 1749043503358,
                "tn": 1749043503358604931,
                "q": "0.00010",
                "p": "105112.00",
                "s": "BUY",
                "i": "BTC_USDT",
                "m": "4611686018612625546",
                "dataTime": 1749043503358
            },
            {
                "d": "1749043500871492040",
                "t": 1749043500871,
                "tn": 1749043500871492040,
                "q": "0.03499",
                "p": "105107.27",
                "s": "BUY",
                "i": "BTC_USDT",
                "m": "4611686018612625545",
                "dataTime": 1749043500871
            },
            {
                "d": "1749043500871333712",
                "t": 1749043500871,
                "tn": 1749043500871333712,
                "q": "0.04999",
                "p": "105107.27",
                "s": "BUY",
                "i": "BTC_USDT",
                "m": "4611686018612625544",
                "dataTime": 1749043500871
            },
            {
                "d": "1749043500870963784",
                "t": 1749043500870,
                "tn": 1749043500870963784,
                "q": "0.00180",
                "p": "105107.27",
                "s": "BUY",
                "i": "BTC_USDT",
                "m": "4611686018612625543",
                "dataTime": 1749043500870
            },
            {
                "d": "1749043500870893313",
                "t": 1749043500870,
                "tn": 1749043500870893313,
                "q": "0.04819",
                "p": "105107.27",
                "s": "BUY",
                "i": "BTC_USDT",
                "m": "4611686018612625542",
                "dataTime": 1749043500870
            },
            {
                "d": "1749043500870629136",
                "t": 1749043500870,
                "tn": 1749043500870629135,
                "q": "0.07999",
                "p": "105107.27",
                "s": "BUY",
                "i": "BTC_USDT",
                "m": "4611686018612625541",
                "dataTime": 1749043500870
            },
            {
                "d": "1749043500870629135",
                "t": 1749043500870,
                "tn": 1749043500870629135,
                "q": "0.02000",
                "p": "105107.27",
                "s": "BUY",
                "i": "BTC_USDT",
                "m": "4611686018612625541",
                "dataTime": 1749043500870
            },
            {
                "d": "1749043500047236701",
                "t": 1749043500047,
                "tn": 1749043500047236701,
                "q": "0.02601",
                "p": "105109.95",
                "s": "SELL",
                "i": "BTC_USDT",
                "m": "4611686018612625540",
                "dataTime": 1749043500047
            },
            {
                "d": "1749043500047236309",
                "t": 1749043500047,
                "tn": 1749043500047236309,
                "q": "0.01379",
                "p": "105110.79",
                "s": "SELL",
                "i": "BTC_USDT",
                "m": "4611686018612625539",
                "dataTime": 1749043500047
            },
            {
                "d": "1749043500046916366",
                "t": 1749043500046,
                "tn": 1749043500046916366,
                "q": "0.03500",
                "p": "105110.79",
                "s": "SELL",
                "i": "BTC_USDT",
                "m": "4611686018612625538",
                "dataTime": 1749043500046
            },
            {
                "d": "1749043500046913750",
                "t": 1749043500046,
                "tn": 1749043500046913750,
                "q": "0.01020",
                "p": "105110.79",
                "s": "SELL",
                "i": "BTC_USDT",
                "m": "4611686018612625537",
                "dataTime": 1749043500046
            },
            {
                "d": "1749043500046909443",
                "t": 1749043500046,
                "tn": 1749043500046909443,
                "q": "0.08335",
                "p": "105110.79",
                "s": "SELL",
                "i": "BTC_USDT",
                "m": "4611686018612625536",
                "dataTime": 1749043500046
            },
            {
                "d": "1749043500046907219",
                "t": 1749043500046,
                "tn": 1749043500046907219,
                "q": "0.01665",
                "p": "105110.80",
                "s": "SELL",
                "i": "BTC_USDT",
                "m": "4611686018612625535",
                "dataTime": 1749043500046
            },
            {
                "d": "1749043500046774158",
                "t": 1749043500046,
                "tn": 1749043500046774158,
                "q": "0.02605",
                "p": "105110.80",
                "s": "SELL",
                "i": "BTC_USDT",
                "m": "4611686018612625534",
                "dataTime": 1749043500046
            },
            {
                "d": "1749043500046773798",
                "t": 1749043500046,
                "tn": 1749043500046773798,
                "q": "0.01919",
                "p": "105111.87",
                "s": "SELL",
                "i": "BTC_USDT",
                "m": "4611686018612625533",
                "dataTime": 1749043500046
            },
            {
                "d": "1749043500046772972",
                "t": 1749043500046,
                "tn": 1749043500046772972,
                "q": "0.00237",
                "p": "105112.68",
                "s": "SELL",
                "i": "BTC_USDT",
                "m": "4611686018612625532",
                "dataTime": 1749043500046
            },
            {
                "d": "1749043500046772351",
                "t": 1749043500046,
                "tn": 1749043500046772351,
                "q": "0.00002",
                "p": "105114.22",
                "s": "SELL",
                "i": "BTC_USDT",
                "m": "4611686018612625531",
                "dataTime": 1749043500046
            },
            {
                "d": "1749043500046763349",
                "t": 1749043500046,
                "tn": 1749043500046763349,
                "q": "0.00237",
                "p": "105117.93",
                "s": "SELL",
                "i": "BTC_USDT",
                "m": "4611686018612625530",
                "dataTime": 1749043500046
            },
            {
                "d": "1749043500046245862",
                "t": 1749043500046,
                "tn": 1749043500046245862,
                "q": "0.02000",
                "p": "105119.35",
                "s": "SELL",
                "i": "BTC_USDT",
                "m": "4611686018612625529",
                "dataTime": 1749043500046
            },
            {
                "d": "1749043500045866105",
                "t": 1749043500045,
                "tn": 1749043500045866105,
                "q": "0.00025",
                "p": "105120.48",
                "s": "SELL",
                "i": "BTC_USDT",
                "m": "4611686018612625528",
                "dataTime": 1749043500045
            },
            {
                "d": "1749043500045863159",
                "t": 1749043500045,
                "tn": 1749043500045863159,
                "q": "0.00002",
                "p": "105121.46",
                "s": "SELL",
                "i": "BTC_USDT",
                "m": "4611686018612625527",
                "dataTime": 1749043500045
            },
            {
                "d": "1749043480993479094",
                "t": 1749043480993,
                "tn": 1749043480993479094,
                "q": "0.10000",
                "p": "105123.36",
                "s": "SELL",
                "i": "BTC_USDT",
                "m": "4611686018612625526",
                "dataTime": 1749043480993
            },
            {
                "d": "1749043480993395429",
                "t": 1749043480993,
                "tn": 1749043480993395429,
                "q": "0.04959",
                "p": "105123.36",
                "s": "SELL",
                "i": "BTC_USDT",
                "m": "4611686018612625525",
                "dataTime": 1749043480993
            },
            {
                "d": "1749043480993392679",
                "t": 1749043480993,
                "tn": 1749043480993392679,
                "q": "0.00041",
                "p": "105125.47",
                "s": "SELL",
                "i": "BTC_USDT",
                "m": "4611686018612625524",
                "dataTime": 1749043480993
            },
            {
                "d": "1749043480591971254",
                "t": 1749043480591,
                "tn": 1749043480591971254,
                "q": "0.04999",
                "p": "105133.88",
                "s": "SELL",
                "i": "BTC_USDT",
                "m": "4611686018612625523",
                "dataTime": 1749043480591
            },
            {
                "d": "1749043480591746065",
                "t": 1749043480591,
                "tn": 1749043480591746065,
                "q": "0.00539",
                "p": "105133.88",
                "s": "SELL",
                "i": "BTC_USDT",
                "m": "4611686018612625522",
                "dataTime": 1749043480591
            },
            {
                "d": "1749043480591744256",
                "t": 1749043480591,
                "tn": 1749043480591744256,
                "q": "0.00950",
                "p": "105133.98",
                "s": "SELL",
                "i": "BTC_USDT",
                "m": "4611686018612625521",
                "dataTime": 1749043480591
            },
            {
                "d": "1749043480591742101",
                "t": 1749043480591,
                "tn": 1749043480591742101,
                "q": "0.02009",
                "p": "105135.99",
                "s": "SELL",
                "i": "BTC_USDT",
                "m": "4611686018612625520",
                "dataTime": 1749043480591
            },
            {
                "d": "1749043480591737726",
                "t": 1749043480591,
                "tn": 1749043480591737726,
                "q": "0.04300",
                "p": "105135.99",
                "s": "SELL",
                "i": "BTC_USDT",
                "m": "4611686018612625519",
                "dataTime": 1749043480591
            },
            {
                "d": "1749043480591715945",
                "t": 1749043480591,
                "tn": 1749043480591715945,
                "q": "0.00699",
                "p": "105135.99",
                "s": "SELL",
                "i": "BTC_USDT",
                "m": "4611686018612625518",
                "dataTime": 1749043480591
            },
            {
                "d": "1749043480591713848",
                "t": 1749043480591,
                "tn": 1749043480591713848,
                "q": "0.10894",
                "p": "105135.99",
                "s": "SELL",
                "i": "BTC_USDT",
                "m": "4611686018612625517",
                "dataTime": 1749043480591
            },
            {
                "d": "1749043480591709086",
                "t": 1749043480591,
                "tn": 1749043480591709086,
                "q": "0.02101",
                "p": "105135.99",
                "s": "SELL",
                "i": "BTC_USDT",
                "m": "4611686018612625516",
                "dataTime": 1749043480591
            },
            {
                "d": "1749043480591543250",
                "t": 1749043480591,
                "tn": 1749043480591543250,
                "q": "0.09997",
                "p": "105135.99",
                "s": "SELL",
                "i": "BTC_USDT",
                "m": "4611686018612625515",
                "dataTime": 1749043480591
            },
            {
                "d": "1749043463972169132",
                "t": 1749043463972,
                "tn": 1749043463972169132,
                "q": "0.00001",
                "p": "105134.00",
                "s": "BUY",
                "i": "BTC_USDT",
                "m": "4611686018612625514",
                "dataTime": 1749043463972
            },
            {
                "d": "1749043463971951818",
                "t": 1749043463971,
                "tn": 1749043463971951818,
                "q": "0.08019",
                "p": "105134.00",
                "s": "BUY",
                "i": "BTC_USDT",
                "m": "4611686018612625513",
                "dataTime": 1749043463971
            },
            {
                "d": "1749043463971949515",
                "t": 1749043463971,
                "tn": 1749043463971949513,
                "q": "0.02620",
                "p": "105133.99",
                "s": "BUY",
                "i": "BTC_USDT",
                "m": "4611686018612625512",
                "dataTime": 1749043463971
            },
            {
                "d": "1749043463971949514",
                "t": 1749043463971,
                "tn": 1749043463971949513,
                "q": "0.00021",
                "p": "105133.99",
                "s": "BUY",
                "i": "BTC_USDT",
                "m": "4611686018612625512",
                "dataTime": 1749043463971
            },
            {
                "d": "1749043463971949513",
                "t": 1749043463971,
                "tn": 1749043463971949513,
                "q": "0.00020",
                "p": "105133.99",
                "s": "BUY",
                "i": "BTC_USDT",
                "m": "4611686018612625512",
                "dataTime": 1749043463971
            },
            {
                "d": "1749043457477612572",
                "t": 1749043457477,
                "tn": 1749043457477612572,
                "q": "0.01222",
                "p": "105132.04",
                "s": "BUY",
                "i": "BTC_USDT",
                "m": "4611686018612625511",
                "dataTime": 1749043457477
            },
            {
                "d": "1749043457477610216",
                "t": 1749043457477,
                "tn": 1749043457477610216,
                "q": "0.00019",
                "p": "105129.93",
                "s": "BUY",
                "i": "BTC_USDT",
                "m": "4611686018612625510",
                "dataTime": 1749043457477
            },
            {
                "d": "1749043456274588973",
                "t": 1749043456274,
                "tn": 1749043456274588973,
                "q": "0.04764",
                "p": "105128.00",
                "s": "BUY",
                "i": "BTC_USDT",
                "m": "4611686018612625509",
                "dataTime": 1749043456274
            },
            {
                "d": "1749043456274588517",
                "t": 1749043456274,
                "tn": 1749043456274588517,
                "q": "0.00237",
                "p": "105127.27",
                "s": "BUY",
                "i": "BTC_USDT",
                "m": "4611686018612625508",
                "dataTime": 1749043456274
            },
            {
                "d": "1749043456272894121",
                "t": 1749043456272,
                "tn": 1749043456272894121,
                "q": "0.10001",
                "p": "105123.47",
                "s": "BUY",
                "i": "BTC_USDT",
                "m": "4611686018612625507",
                "dataTime": 1749043456272
            },
            {
                "d": "1749043456271995689",
                "t": 1749043456271,
                "tn": 1749043456271995689,
                "q": "0.02000",
                "p": "105121.36",
                "s": "BUY",
                "i": "BTC_USDT",
                "m": "4611686018612625506",
                "dataTime": 1749043456271
            },
            {
                "d": "1749043456067680547",
                "t": 1749043456067,
                "tn": 1749043456067680547,
                "q": "0.05001",
                "p": "105121.36",
                "s": "BUY",
                "i": "BTC_USDT",
                "m": "4611686018612625505",
                "dataTime": 1749043456067
            },
            {
                "d": "1749043456067122089",
                "t": 1749043456067,
                "tn": 1749043456067122089,
                "q": "0.04300",
                "p": "105121.36",
                "s": "BUY",
                "i": "BTC_USDT",
                "m": "4611686018612625504",
                "dataTime": 1749043456067
            },
            {
                "d": "1749043456067119109",
                "t": 1749043456067,
                "tn": 1749043456067119109,
                "q": "0.05699",
                "p": "105121.36",
                "s": "BUY",
                "i": "BTC_USDT",
                "m": "4611686018612625503",
                "dataTime": 1749043456067
            },
            {
                "d": "1749043449532080732",
                "t": 1749043449532,
                "tn": 1749043449532080732,
                "q": "0.00030",
                "p": "105121.36",
                "s": "BUY",
                "i": "BTC_USDT",
                "m": "4611686018612625502",
                "dataTime": 1749043449532
            },
            {
                "d": "1749043441615333237",
                "t": 1749043441615,
                "tn": 1749043441615333237,
                "q": "0.03499",
                "p": "105122.01",
                "s": "BUY",
                "i": "BTC_USDT",
                "m": "4611686018612625501",
                "dataTime": 1749043441615
            },
            {
                "d": "1749043441614805057",
                "t": 1749043441614,
                "tn": 1749043441614805057,
                "q": "0.04999",
                "p": "105122.01",
                "s": "BUY",
                "i": "BTC_USDT",
                "m": "4611686018612625500",
                "dataTime": 1749043441614
            },
            {
                "d": "1749043441614371495",
                "t": 1749043441614,
                "tn": 1749043441614371495,
                "q": "0.04999",
                "p": "105122.01",
                "s": "BUY",
                "i": "BTC_USDT",
                "m": "4611686018612625499",
                "dataTime": 1749043441614
            },
            {
                "d": "1749043437603273383",
                "t": 1749043437603,
                "tn": 1749043437603273383,
                "q": "0.05000",
                "p": "105123.72",
                "s": "SELL",
                "i": "BTC_USDT",
                "m": "4611686018612625498",
                "dataTime": 1749043437603
            },
            {
                "d": "1749043437603195968",
                "t": 1749043437603,
                "tn": 1749043437603195968,
                "q": "0.01956",
                "p": "105123.72",
                "s": "SELL",
                "i": "BTC_USDT",
                "m": "4611686018612625497",
                "dataTime": 1749043437603
            },
            {
                "d": "1749043437603194380",
                "t": 1749043437603,
                "tn": 1749043437603194380,
                "q": "0.00624",
                "p": "105124.00",
                "s": "SELL",
                "i": "BTC_USDT",
                "m": "4611686018612625496",
                "dataTime": 1749043437603
            },
            {
                "d": "1749043437603189199",
                "t": 1749043437603,
                "tn": 1749043437603189199,
                "q": "0.07396",
                "p": "105124.00",
                "s": "SELL",
                "i": "BTC_USDT",
                "m": "4611686018612625495",
                "dataTime": 1749043437603
            },
            {
                "d": "1749043437603188124",
                "t": 1749043437603,
                "tn": 1749043437603188124,
                "q": "0.00024",
                "p": "105126.01",
                "s": "SELL",
                "i": "BTC_USDT",
                "m": "4611686018612625494",
                "dataTime": 1749043437603
            },
            {
                "d": "1749043437575161243",
                "t": 1749043437575,
                "tn": 1749043437575161243,
                "q": "0.00356",
                "p": "105126.01",
                "s": "SELL",
                "i": "BTC_USDT",
                "m": "4611686018612625493",
                "dataTime": 1749043437575
            },
            {
                "d": "1749043437575158273",
                "t": 1749043437575,
                "tn": 1749043437575158273,
                "q": "0.00104",
                "p": "105126.02",
                "s": "SELL",
                "i": "BTC_USDT",
                "m": "4611686018612625492",
                "dataTime": 1749043437575
            },
            {
                "d": "1749043437575155961",
                "t": 1749043437575,
                "tn": 1749043437575155961,
                "q": "0.01280",
                "p": "105129.98",
                "s": "SELL",
                "i": "BTC_USDT",
                "m": "4611686018612625491",
                "dataTime": 1749043437575
            },
            {
                "d": "1749043437575017591",
                "t": 1749043437575,
                "tn": 1749043437575017591,
                "q": "0.00720",
                "p": "105129.98",
                "s": "SELL",
                "i": "BTC_USDT",
                "m": "4611686018612625490",
                "dataTime": 1749043437575
            },
            {
                "d": "1749043436633144871",
                "t": 1749043436633,
                "tn": 1749043436633144871,
                "q": "0.03498",
                "p": "105134.00",
                "s": "SELL",
                "i": "BTC_USDT",
                "m": "4611686018612625489",
                "dataTime": 1749043436633
            },
            {
                "d": "1749043436633142930",
                "t": 1749043436633,
                "tn": 1749043436633142930,
                "q": "0.00002",
                "p": "105135.24",
                "s": "SELL",
                "i": "BTC_USDT",
                "m": "4611686018612625488",
                "dataTime": 1749043436633
            },
            {
                "d": "1749043436527756697",
                "t": 1749043436527,
                "tn": 1749043436527756697,
                "q": "0.05000",
                "p": "105143.22",
                "s": "SELL",
                "i": "BTC_USDT",
                "m": "4611686018612625487",
                "dataTime": 1749043436527
            },
            {
                "d": "1749043436527494283",
                "t": 1749043436527,
                "tn": 1749043436527494283,
                "q": "0.05000",
                "p": "105143.22",
                "s": "SELL",
                "i": "BTC_USDT",
                "m": "4611686018612625486",
                "dataTime": 1749043436527
            },
            {
                "d": "1749043436527423824",
                "t": 1749043436527,
                "tn": 1749043436527423824,
                "q": "0.05781",
                "p": "105143.22",
                "s": "SELL",
                "i": "BTC_USDT",
                "m": "4611686018612625485",
                "dataTime": 1749043436527
            },
            {
                "d": "1749043436527422185",
                "t": 1749043436527,
                "tn": 1749043436527422184,
                "q": "0.00002",
                "p": "105145.33",
                "s": "SELL",
                "i": "BTC_USDT",
                "m": "4611686018612625484",
                "dataTime": 1749043436527
            },
            {
                "d": "1749043436527422184",
                "t": 1749043436527,
                "tn": 1749043436527422184,
                "q": "0.04217",
                "p": "105145.33",
                "s": "SELL",
                "i": "BTC_USDT",
                "m": "4611686018612625484",
                "dataTime": 1749043436527
            },
            {
                "d": "1749043436527414178",
                "t": 1749043436527,
                "tn": 1749043436527414178,
                "q": "0.03500",
                "p": "105145.33",
                "s": "SELL",
                "i": "BTC_USDT",
                "m": "4611686018612625483",
                "dataTime": 1749043436527
            },
            {
                "d": "1749043436527376323",
                "t": 1749043436527,
                "tn": 1749043436527376323,
                "q": "0.02139",
                "p": "105145.33",
                "s": "SELL",
                "i": "BTC_USDT",
                "m": "4611686018612625482",
                "dataTime": 1749043436527
            },
            {
                "d": "1749043436526681499",
                "t": 1749043436526,
                "tn": 1749043436526681499,
                "q": "0.20144",
                "p": "105145.33",
                "s": "SELL",
                "i": "BTC_USDT",
                "m": "4611686018612625481",
                "dataTime": 1749043436526
            },
            {
                "d": "1749043427594199140",
                "t": 1749043427594,
                "tn": 1749043427594199140,
                "q": "0.30000",
                "p": "105130.00",
                "s": "BUY",
                "i": "BTC_USDT",
                "m": "4611686018612625480",
                "dataTime": 1749043427594
            },
            {
                "d": "1749043427453020954",
                "t": 1749043427453,
                "tn": 1749043427453020954,
                "q": "0.23372",
                "p": "105130.00",
                "s": "BUY",
                "i": "BTC_USDT",
                "m": "4611686018612625479",
                "dataTime": 1749043427453
            },
            {
                "d": "1749043424923526172",
                "t": 1749043424923,
                "tn": 1749043424923526172,
                "q": "0.09997",
                "p": "105135.76",
                "s": "SELL",
                "i": "BTC_USDT",
                "m": "4611686018612625478",
                "dataTime": 1749043424923
            },
            {
                "d": "1749043424923523333",
                "t": 1749043424923,
                "tn": 1749043424923523333,
                "q": "0.04998",
                "p": "105135.76",
                "s": "SELL",
                "i": "BTC_USDT",
                "m": "4611686018612625477",
                "dataTime": 1749043424923
            },
            {
                "d": "1749043424923434698",
                "t": 1749043424923,
                "tn": 1749043424923434698,
                "q": "0.04900",
                "p": "105135.76",
                "s": "SELL",
                "i": "BTC_USDT",
                "m": "4611686018612625476",
                "dataTime": 1749043424923
            },
            {
                "d": "1749043424923432814",
                "t": 1749043424923,
                "tn": 1749043424923432814,
                "q": "0.00100",
                "p": "105137.87",
                "s": "SELL",
                "i": "BTC_USDT",
                "m": "4611686018612625475",
                "dataTime": 1749043424923
            },
            {
                "d": "1749043424923341066",
                "t": 1749043424923,
                "tn": 1749043424923341066,
                "q": "0.03499",
                "p": "105137.87",
                "s": "SELL",
                "i": "BTC_USDT",
                "m": "4611686018612625474",
                "dataTime": 1749043424923
            },
            {
                "d": "1749043424922708560",
                "t": 1749043424922,
                "tn": 1749043424922708560,
                "q": "0.26401",
                "p": "105137.87",
                "s": "SELL",
                "i": "BTC_USDT",
                "m": "4611686018612625473",
                "dataTime": 1749043424922
            },
            {
                "d": "1749043424574004564",
                "t": 1749043424574,
                "tn": 1749043424574004564,
                "q": "0.03629",
                "p": "105139.98",
                "s": "SELL",
                "i": "BTC_USDT",
                "m": "4611686018612625472",
                "dataTime": 1749043424574
            },
            {
                "d": "1749043423422603201",
                "t": 1749043423422,
                "tn": 1749043423422603201,
                "q": "0.03501",
                "p": "105131.95",
                "s": "BUY",
                "i": "BTC_USDT",
                "m": "4611686018612625471",
                "dataTime": 1749043423422
            },
            {
                "d": "1749043423421767004",
                "t": 1749043423421,
                "tn": 1749043423421767004,
                "q": "0.00634",
                "p": "105131.95",
                "s": "BUY",
                "i": "BTC_USDT",
                "m": "4611686018612625470",
                "dataTime": 1749043423421
            },
            {
                "d": "1749043423421765736",
                "t": 1749043423421,
                "tn": 1749043423421765736,
                "q": "0.00005",
                "p": "105130.97",
                "s": "BUY",
                "i": "BTC_USDT",
                "m": "4611686018612625469",
                "dataTime": 1749043423421
            },
            {
                "d": "1749043423421764109",
                "t": 1749043423421,
                "tn": 1749043423421764109,
                "q": "0.04362",
                "p": "105129.99",
                "s": "BUY",
                "i": "BTC_USDT",
                "m": "4611686018612625468",
                "dataTime": 1749043423421
            },
            {
                "d": "1749043423421227004",
                "t": 1749043423421,
                "tn": 1749043423421227004,
                "q": "0.03500",
                "p": "105129.99",
                "s": "BUY",
                "i": "BTC_USDT",
                "m": "4611686018612625467",
                "dataTime": 1749043423421
            },
            {
                "d": "1749043423419384333",
                "t": 1749043423419,
                "tn": 1749043423419384333,
                "q": "0.01905",
                "p": "105131.95",
                "s": "BUY",
                "i": "BTC_USDT",
                "m": "4611686018612625466",
                "dataTime": 1749043423419
            },
            {
                "d": "1749043423419382671",
                "t": 1749043423419,
                "tn": 1749043423419382670,
                "q": "0.02854",
                "p": "105129.99",
                "s": "BUY",
                "i": "BTC_USDT",
                "m": "4611686018612625465",
                "dataTime": 1749043423419
            },
            {
                "d": "1749043423419382670",
                "t": 1749043423419,
                "tn": 1749043423419382670,
                "q": "0.00171",
                "p": "105129.99",
                "s": "BUY",
                "i": "BTC_USDT",
                "m": "4611686018612625465",
                "dataTime": 1749043423419
            },
            {
                "d": "1749043423419377525",
                "t": 1749043423419,
                "tn": 1749043423419377525,
                "q": "0.00071",
                "p": "105129.99",
                "s": "BUY",
                "i": "BTC_USDT",
                "m": "4611686018612625464",
                "dataTime": 1749043423419
            },
            {
                "d": "1749043423419044309",
                "t": 1749043423419,
                "tn": 1749043423419044306,
                "q": "0.04540",
                "p": "105129.99",
                "s": "BUY",
                "i": "BTC_USDT",
                "m": "4611686018612625463",
                "dataTime": 1749043423419
            },
            {
                "d": "1749043423419044308",
                "t": 1749043423419,
                "tn": 1749043423419044306,
                "q": "0.02812",
                "p": "105129.99",
                "s": "BUY",
                "i": "BTC_USDT",
                "m": "4611686018612625463",
                "dataTime": 1749043423419
            },
            {
                "d": "1749043423419044307",
                "t": 1749043423419,
                "tn": 1749043423419044306,
                "q": "0.02620",
                "p": "105129.99",
                "s": "BUY",
                "i": "BTC_USDT",
                "m": "4611686018612625463",
                "dataTime": 1749043423419
            },
            {
                "d": "1749043423419044306",
                "t": 1749043423419,
                "tn": 1749043423419044306,
                "q": "0.00029",
                "p": "105129.99",
                "s": "BUY",
                "i": "BTC_USDT",
                "m": "4611686018612625463",
                "dataTime": 1749043423419
            },
            {
                "d": "1749043419610223749",
                "t": 1749043419610,
                "tn": 1749043419610223749,
                "q": "0.01910",
                "p": "105121.60",
                "s": "BUY",
                "i": "BTC_USDT",
                "m": "4611686018612625462",
                "dataTime": 1749043419610
            },
            {
                "d": "1749043419610222520",
                "t": 1749043419610,
                "tn": 1749043419610222520,
                "q": "0.01591",
                "p": "105121.45",
                "s": "BUY",
                "i": "BTC_USDT",
                "m": "4611686018612625461",
                "dataTime": 1749043419610
            },
            {
                "d": "1749043419610219437",
                "t": 1749043419610,
                "tn": 1749043419610219437,
                "q": "0.10002",
                "p": "105121.45",
                "s": "BUY",
                "i": "BTC_USDT",
                "m": "4611686018612625460",
                "dataTime": 1749043419610
            },
            {
                "d": "1749043419610040408",
                "t": 1749043419610,
                "tn": 1749043419610040408,
                "q": "0.00356",
                "p": "105121.45",
                "s": "BUY",
                "i": "BTC_USDT",
                "m": "4611686018612625459",
                "dataTime": 1749043419610
            },
            {
                "d": "1749043419610038616",
                "t": 1749043419610,
                "tn": 1749043419610038616,
                "q": "0.00237",
                "p": "105121.15",
                "s": "BUY",
                "i": "BTC_USDT",
                "m": "4611686018612625458",
                "dataTime": 1749043419610
            },
            {
                "d": "1749043419610036105",
                "t": 1749043419610,
                "tn": 1749043419610036105,
                "q": "0.02406",
                "p": "105119.99",
                "s": "BUY",
                "i": "BTC_USDT",
                "m": "4611686018612625457",
                "dataTime": 1749043419610
            },
            {
                "d": "1749043419610034461",
                "t": 1749043419610,
                "tn": 1749043419610034461,
                "q": "0.02000",
                "p": "105114.24",
                "s": "BUY",
                "i": "BTC_USDT",
                "m": "4611686018612625456",
                "dataTime": 1749043419610
            },
            {
                "d": "1749043419609128399",
                "t": 1749043419609,
                "tn": 1749043419609128399,
                "q": "0.24228",
                "p": "105114.24",
                "s": "BUY",
                "i": "BTC_USDT",
                "m": "4611686018612625455",
                "dataTime": 1749043419609
            },
            {
                "d": "1749043419408829716",
                "t": 1749043419408,
                "tn": 1749043419408829716,
                "q": "0.03499",
                "p": "105114.24",
                "s": "BUY",
                "i": "BTC_USDT",
                "m": "4611686018612625454",
                "dataTime": 1749043419408
            },
            {
                "d": "1749043419408826931",
                "t": 1749043419408,
                "tn": 1749043419408826931,
                "q": "0.09999",
                "p": "105114.24",
                "s": "BUY",
                "i": "BTC_USDT",
                "m": "4611686018612625453",
                "dataTime": 1749043419408
            },
            {
                "d": "1749043419408661415",
                "t": 1749043419408,
                "tn": 1749043419408661415,
                "q": "0.05001",
                "p": "105114.24",
                "s": "BUY",
                "i": "BTC_USDT",
                "m": "4611686018612625452",
                "dataTime": 1749043419408
            },
            {
                "d": "1749043414801576419",
                "t": 1749043414801,
                "tn": 1749043414801576419,
                "q": "0.04999",
                "p": "105114.24",
                "s": "BUY",
                "i": "BTC_USDT",
                "m": "4611686018612625451",
                "dataTime": 1749043414801
            },
            {
                "d": "1749043409063471009",
                "t": 1749043409063,
                "tn": 1749043409063471009,
                "q": "0.01480",
                "p": "105122.00",
                "s": "SELL",
                "i": "BTC_USDT",
                "m": "4611686018612625450",
                "dataTime": 1749043409063
            },
            {
                "d": "1749043409062805985",
                "t": 1749043409062,
                "tn": 1749043409062805985,
                "q": "0.04803",
                "p": "105122.00",
                "s": "SELL",
                "i": "BTC_USDT",
                "m": "4611686018612625449",
                "dataTime": 1749043409062
            },
            {
                "d": "1749043409062802707",
                "t": 1749043409062,
                "tn": 1749043409062802707,
                "q": "0.00195",
                "p": "105124.01",
                "s": "SELL",
                "i": "BTC_USDT",
                "m": "4611686018612625448",
                "dataTime": 1749043409062
            },
            {
                "d": "1749043409062800571",
                "t": 1749043409062,
                "tn": 1749043409062800571,
                "q": "0.00002",
                "p": "105124.89",
                "s": "SELL",
                "i": "BTC_USDT",
                "m": "4611686018612625447",
                "dataTime": 1749043409062
            },
            {
                "d": "1749043404436122703",
                "t": 1749043404436,
                "tn": 1749043404436122703,
                "q": "0.01525",
                "p": "105162.89",
                "s": "SELL",
                "i": "BTC_USDT",
                "m": "4611686018612625446",
                "dataTime": 1749043404436
            },
            {
                "d": "1749043404435883680",
                "t": 1749043404435,
                "tn": 1749043404435883680,
                "q": "0.01078",
                "p": "105162.89",
                "s": "SELL",
                "i": "BTC_USDT",
                "m": "4611686018612625445",
                "dataTime": 1749043404435
            },
            {
                "d": "1749043404434865225",
                "t": 1749043404434,
                "tn": 1749043404434865225,
                "q": "0.00121",
                "p": "105162.89",
                "s": "SELL",
                "i": "BTC_USDT",
                "m": "4611686018612625444",
                "dataTime": 1749043404434
            },
            {
                "d": "1749043404434863733",
                "t": 1749043404434,
                "tn": 1749043404434863733,
                "q": "0.03379",
                "p": "105162.90",
                "s": "SELL",
                "i": "BTC_USDT",
                "m": "4611686018612625443",
                "dataTime": 1749043404434
            },
            {
                "d": "1749043404434856880",
                "t": 1749043404434,
                "tn": 1749043404434856880,
                "q": "0.10000",
                "p": "105162.90",
                "s": "SELL",
                "i": "BTC_USDT",
                "m": "4611686018612625442",
                "dataTime": 1749043404434
            },
            {
                "d": "1749043404434740877",
                "t": 1749043404434,
                "tn": 1749043404434740877,
                "q": "0.05000",
                "p": "105162.90",
                "s": "SELL",
                "i": "BTC_USDT",
                "m": "4611686018612625441",
                "dataTime": 1749043404434
            },
            {
                "d": "1749043404327196118",
                "t": 1749043404327,
                "tn": 1749043404327196118,
                "q": "0.01410",
                "p": "105162.90",
                "s": "SELL",
                "i": "BTC_USDT",
                "m": "4611686018612625440",
                "dataTime": 1749043404327
            },
            {
                "d": "1749043404326260790",
                "t": 1749043404326,
                "tn": 1749043404326260790,
                "q": "0.00690",
                "p": "105162.90",
                "s": "SELL",
                "i": "BTC_USDT",
                "m": "4611686018612625439",
                "dataTime": 1749043404326
            },
            {
                "d": "1749043404325931617",
                "t": 1749043404325,
                "tn": 1749043404325931616,
                "q": "0.02040",
                "p": "105162.90",
                "s": "SELL",
                "i": "BTC_USDT",
                "m": "4611686018612625438",
                "dataTime": 1749043404325
            },
            {
                "d": "1749043404325931616",
                "t": 1749043404325,
                "tn": 1749043404325931616,
                "q": "0.00060",
                "p": "105162.90",
                "s": "SELL",
                "i": "BTC_USDT",
                "m": "4611686018612625438",
                "dataTime": 1749043404325
            },
            {
                "d": "1749043399744153092",
                "t": 1749043399744,
                "tn": 1749043399744153092,
                "q": "0.03500",
                "p": "105162.89",
                "s": "SELL",
                "i": "BTC_USDT",
                "m": "4611686018612625437",
                "dataTime": 1749043399744
            },
            {
                "d": "1749043399743974292",
                "t": 1749043399743,
                "tn": 1749043399743974292,
                "q": "0.01013",
                "p": "105162.89",
                "s": "SELL",
                "i": "BTC_USDT",
                "m": "4611686018612625436",
                "dataTime": 1749043399743
            },
            {
                "d": "1749043399743973810",
                "t": 1749043399743,
                "tn": 1749043399743973808,
                "q": "0.03523",
                "p": "105164.18",
                "s": "SELL",
                "i": "BTC_USDT",
                "m": "4611686018612625435",
                "dataTime": 1749043399743
            },
            {
                "d": "1749043399743973809",
                "t": 1749043399743,
                "tn": 1749043399743973808,
                "q": "0.01505",
                "p": "105164.18",
                "s": "SELL",
                "i": "BTC_USDT",
                "m": "4611686018612625435",
                "dataTime": 1749043399743
            },
            {
                "d": "1749043399743973808",
                "t": 1749043399743,
                "tn": 1749043399743973808,
                "q": "0.03722",
                "p": "105164.18",
                "s": "SELL",
                "i": "BTC_USDT",
                "m": "4611686018612625435",
                "dataTime": 1749043399743
            },
            {
                "d": "1749043399743972049",
                "t": 1749043399743,
                "tn": 1749043399743972049,
                "q": "0.00237",
                "p": "105164.49",
                "s": "SELL",
                "i": "BTC_USDT",
                "m": "4611686018612625434",
                "dataTime": 1749043399743
            },
            {
                "d": "1749043399743653745",
                "t": 1749043399743,
                "tn": 1749043399743653745,
                "q": "0.05000",
                "p": "105166.18",
                "s": "SELL",
                "i": "BTC_USDT",
                "m": "4611686018612625433",
                "dataTime": 1749043399743
            },
            {
                "d": "1749043399743592182",
                "t": 1749043399743,
                "tn": 1749043399743592182,
                "q": "0.01470",
                "p": "105166.18",
                "s": "SELL",
                "i": "BTC_USDT",
                "m": "4611686018612625432",
                "dataTime": 1749043399743
            },
            {
                "d": "1749043399743590443",
                "t": 1749043399743,
                "tn": 1749043399743590443,
                "q": "0.00237",
                "p": "105169.75",
                "s": "SELL",
                "i": "BTC_USDT",
                "m": "4611686018612625431",
                "dataTime": 1749043399743
            },
            {
                "d": "1749043399743588443",
                "t": 1749043399743,
                "tn": 1749043399743588443,
                "q": "0.02000",
                "p": "105172.89",
                "s": "SELL",
                "i": "BTC_USDT",
                "m": "4611686018612625430",
                "dataTime": 1749043399743
            },
            {
                "d": "1749043399743586284",
                "t": 1749043399743,
                "tn": 1749043399743586284,
                "q": "0.01293",
                "p": "105172.90",
                "s": "SELL",
                "i": "BTC_USDT",
                "m": "4611686018612625429",
                "dataTime": 1749043399743
            },
            {
                "d": "1749043399743544059",
                "t": 1749043399743,
                "tn": 1749043399743544059,
                "q": "0.01894",
                "p": "105175.00",
                "s": "SELL",
                "i": "BTC_USDT",
                "m": "4611686018612625428",
                "dataTime": 1749043399743
            },
            {
                "d": "1749043399743439087",
                "t": 1749043399743,
                "tn": 1749043399743439086,
                "q": "0.01106",
                "p": "105175.00",
                "s": "SELL",
                "i": "BTC_USDT",
                "m": "4611686018612625427",
                "dataTime": 1749043399743
            },
            {
                "d": "1749043399743439086",
                "t": 1749043399743,
                "tn": 1749043399743439086,
                "q": "0.00016",
                "p": "105175.00",
                "s": "SELL",
                "i": "BTC_USDT",
                "m": "4611686018612625427",
                "dataTime": 1749043399743
            },
            {
                "d": "1749043399135509654",
                "t": 1749043399135,
                "tn": 1749043399135509654,
                "q": "0.01207",
                "p": "105175.01",
                "s": "BUY",
                "i": "BTC_USDT",
                "m": "4611686018612625426",
                "dataTime": 1749043399135
            },
            {
                "d": "1749043396359219336",
                "t": 1749043396359,
                "tn": 1749043396359219336,
                "q": "0.01137",
                "p": "105193.23",
                "s": "SELL",
                "i": "BTC_USDT",
                "m": "4611686018612625425",
                "dataTime": 1749043396359
            },
            {
                "d": "1749043396359147682",
                "t": 1749043396359,
                "tn": 1749043396359147682,
                "q": "0.02119",
                "p": "105193.23",
                "s": "SELL",
                "i": "BTC_USDT",
                "m": "4611686018612625424",
                "dataTime": 1749043396359
            },
            {
                "d": "1749043396358992682",
                "t": 1749043396358,
                "tn": 1749043396358992682,
                "q": "0.10000",
                "p": "105193.23",
                "s": "SELL",
                "i": "BTC_USDT",
                "m": "4611686018612625423",
                "dataTime": 1749043396358
            },
            {
                "d": "1749043396358912435",
                "t": 1749043396358,
                "tn": 1749043396358912434,
                "q": "0.04978",
                "p": "105193.23",
                "s": "SELL",
                "i": "BTC_USDT",
                "m": "4611686018612625422",
                "dataTime": 1749043396358
            },
            {
                "d": "1749043396358912434",
                "t": 1749043396358,
                "tn": 1749043396358912434,
                "q": "0.00021",
                "p": "105193.23",
                "s": "SELL",
                "i": "BTC_USDT",
                "m": "4611686018612625422",
                "dataTime": 1749043396358
            },
            {
                "d": "1749043396358868774",
                "t": 1749043396358,
                "tn": 1749043396358868774,
                "q": "0.04998",
                "p": "105193.23",
                "s": "SELL",
                "i": "BTC_USDT",
                "m": "4611686018612625421",
                "dataTime": 1749043396358
            },
            {
                "d": "1749043396358866061",
                "t": 1749043396358,
                "tn": 1749043396358866061,
                "q": "0.00228",
                "p": "105193.23",
                "s": "SELL",
                "i": "BTC_USDT",
                "m": "4611686018612625420",
                "dataTime": 1749043396358
            },
            {
                "d": "1749043396358863568",
                "t": 1749043396358,
                "tn": 1749043396358863568,
                "q": "0.03499",
                "p": "105193.23",
                "s": "SELL",
                "i": "BTC_USDT",
                "m": "4611686018612625419",
                "dataTime": 1749043396358
            },
            {
                "d": "1749043396358195437",
                "t": 1749043396358,
                "tn": 1749043396358195437,
                "q": "0.00459",
                "p": "105193.23",
                "s": "SELL",
                "i": "BTC_USDT",
                "m": "4611686018612625418",
                "dataTime": 1749043396358
            }
        ]
    }
}
