{
    "code": 0,
    "method": "public/get-trades",
    "result": {
        "instrument_name": "BTC_USDT",
        "data": [
            {
                "dataTime": 1610259639879,
                "d": 1087929975894153856,
                "s": "SELL",
                "p": 40796.85,
                "q": 0.029753,
                "t": 1610259639876,
                "i": "BTC_USDT"
            },
            {
                "dataTime": 1610259639225,
                "d": 1087929953665718208,
                "s": "SELL",
                "p": 40783.81,
                "q": 0.000692,
                "t": 1610259639214,
                "i": "BTC_USDT"
            },
            {
                "dataTime": 1610259638225,
                "d": 1087929920163027904,
                "s": "SELL",
                "p": 40783.78,
                "q": 0.000595,
                "t": 1610259638215,
                "i": "BTC_USDT"
            },
            {
                "dataTime": 1610259633971,
                "d": 1087929777716116800,
                "s": "SELL",
                "p": 40801.94,
                "q": 0.017739,
                "t": 1610259633970,
                "i": "BTC_USDT"
            },
            {
                "dataTime": 1610259632937,
                "d": 1087929743012779776,
                "s": "SELL",
                "p": 40797.99,
                "q": 0.000314,
                "t": 1610259632936,
                "i": "BTC_USDT"
            },
            {
                "dataTime": 1610259632735,
                "d": 1087929736220717408,
                "s": "SELL",
                "p": 40797.99,
                "q": 0.000314,
                "t": 1610259632734,
                "i": "BTC_USDT"
            },
            {
                "dataTime": 1610259632325,
                "d": 1087929721560086656,
                "s": "BUY",
                "p": 40789.55,
                "q": 0.010000,
                "t": 1610259632297,
                "i": "BTC_USDT"
            },
            {
                "dataTime": 1610259630658,
                "d": 1087929666570553728,
                "s": "SELL",
                "p": 40772.73,
                "q": 0.025938,
                "t": 1610259630658,
                "i": "BTC_USDT"
            },
            {
                "dataTime": 1610259629473,
                "d": 1087929626752639680,
                "s": "BUY",
                "p": 40769.40,
                "q": 0.320000,
                "t": 1610259629471,
                "i": "BTC_USDT"
            },
            {
                "dataTime": 1610259627528,
                "d": 1087929561499577504,
                "s": "SELL",
                "p": 40781.94,
                "q": 0.007077,
                "t": 1610259627526,
                "i": "BTC_USDT"
            },
            {
                "dataTime": 1610259618528,
                "d": 1087929259499009888,
                "s": "SELL",
                "p": 40774.10,
                "q": 0.000638,
                "t": 1610259618526,
                "i": "BTC_USDT"
            },
            {
                "dataTime": 1610259617925,
                "d": 1087929238510362944,
                "s": "BUY",
                "p": 40764.17,
                "q": 0.018990,
                "t": 1610259617901,
                "i": "BTC_USDT"
            },
            {
                "dataTime": 1610259617360,
                "d": 1087929220288578080,
                "s": "BUY",
                "p": 40764.17,
                "q": 0.023091,
                "t": 1610259617358,
                "i": "BTC_USDT"
            },
            {
                "dataTime": 1610259617360,
                "d": 1087929220292549856,
                "s": "BUY",
                "p": 40764.17,
                "q": 0.092365,
                "t": 1610259617358,
                "i": "BTC_USDT"
            },
            {
                "dataTime": 1610259617360,
                "d": 1087929220292399648,
                "s": "BUY",
                "p": 40764.17,
                "q": 0.046182,
                "t": 1610259617358,
                "i": "BTC_USDT"
            },
            {
                "dataTime": 1610259614780,
                "d": 1087929133729579264,
                "s": "SELL",
                "p": 40774.20,
                "q": 0.000129,
                "t": 1610259614778,
                "i": "BTC_USDT"
            },
            {
                "dataTime": 1610259612967,
                "d": 1087929072890578752,
                "s": "SELL",
                "p": 40777.71,
                "q": 0.006964,
                "t": 1610259612965,
                "i": "BTC_USDT"
            },
            {
                "dataTime": 1610259609825,
                "d": 1087928967448645152,
                "s": "BUY",
                "p": 40784.27,
                "q": 0.250000,
                "t": 1610259609822,
                "i": "BTC_USDT"
            },
            {
                "dataTime": 1610259609667,
                "d": 1087928962193312672,
                "s": "SELL",
                "p": 40784.34,
                "q": 0.034450,
                "t": 1610259609666,
                "i": "BTC_USDT"
            },
            {
                "dataTime": 1610259607225,
                "d": 1087928880021426432,
                "s": "BUY",
                "p": 40774.20,
                "q": 0.000231,
                "t": 1610259607217,
                "i": "BTC_USDT"
            },
            {
                "dataTime": 1610259604556,
                "d": 1087928790705878816,
                "s": "BUY",
                "p": 40770.64,
                "q": 0.010000,
                "t": 1610259604555,
                "i": "BTC_USDT"
            },
            {
                "dataTime": 1610259597526,
                "d": 1087928554679431296,
                "s": "SELL",
                "p": 40767.74,
                "q": 0.003541,
                "t": 1610259597521,
                "i": "BTC_USDT"
            },
            {
                "dataTime": 1610259596025,
                "d": 1087928503919660064,
                "s": "SELL",
                "p": 40767.70,
                "q": 0.000004,
                "t": 1610259596008,
                "i": "BTC_USDT"
            },
            {
                "dataTime": 1610259594872,
                "d": 1087928465780647008,
                "s": "SELL",
                "p": 40778.98,
                "q": 0.015617,
                "t": 1610259594871,
                "i": "BTC_USDT"
            },
            {
                "dataTime": 1610259589325,
                "d": 1087928279273439904,
                "s": "BUY",
                "p": 40770.62,
                "q": 0.018442,
                "t": 1610259589313,
                "i": "BTC_USDT"
            },
            {
                "dataTime": 1610259587373,
                "d": 1087928214144761312,
                "s": "BUY",
                "p": 40772.35,
                "q": 0.000018,
                "t": 1610259587372,
                "i": "BTC_USDT"
            },
            {
                "dataTime": 1610259585966,
                "d": 1087928166942205600,
                "s": "BUY",
                "p": 40768.63,
                "q": 0.006824,
                "t": 1610259585965,
                "i": "BTC_USDT"
            },
            {
                "dataTime": 1610259585753,
                "d": 1087928159780582784,
                "s": "BUY",
                "p": 40768.63,
                "q": 0.023091,
                "t": 1610259585752,
                "i": "BTC_USDT"
            },
            {
                "dataTime": 1610259580557,
                "d": 1087927985456386368,
                "s": "SELL",
                "p": 40784.81,
                "q": 0.023091,
                "t": 1610259580557,
                "i": "BTC_USDT"
            },
            {
                "dataTime": 1610259580458,
                "d": 1087927982115296576,
                "s": "SELL",
                "p": 40788.09,
                "q": 0.000004,
                "t": 1610259580457,
                "i": "BTC_USDT"
            },
            {
                "dataTime": 1610259577525,
                "d": 1087927883500085632,
                "s": "SELL",
                "p": 40798.40,
                "q": 0.000596,
                "t": 1610259577518,
                "i": "BTC_USDT"
            },
            {
                "dataTime": 1610259573725,
                "d": 1087927755686698560,
                "s": "SELL",
                "p": 40792.79,
                "q": 0.000004,
                "t": 1610259573709,
                "i": "BTC_USDT"
            },
            {
                "dataTime": 1610259570865,
                "d": 1087927660213954272,
                "s": "SELL",
                "p": 40806.81,
                "q": 0.008143,
                "t": 1610259570864,
                "i": "BTC_USDT"
            },
            {
                "dataTime": 1610259569478,
                "d": 1087927613666518272,
                "s": "SELL",
                "p": 40804.70,
                "q": 0.360000,
                "t": 1610259569476,
                "i": "BTC_USDT"
            },
            {
                "dataTime": 1610259567725,
                "d": 1087927554004120320,
                "s": "BUY",
                "p": 40800.00,
                "q": 0.004563,
                "t": 1610259567698,
                "i": "BTC_USDT"
            },
            {
                "dataTime": 1610259567725,
                "d": 1087927554004033696,
                "s": "BUY",
                "p": 40799.90,
                "q": 0.092365,
                "t": 1610259567698,
                "i": "BTC_USDT"
            },
            {
                "dataTime": 1610259567725,
                "d": 1087927554004205792,
                "s": "BUY",
                "p": 40808.48,
                "q": 0.000004,
                "t": 1610259567698,
                "i": "BTC_USDT"
            },
            {
                "dataTime": 1610259567725,
                "d": 1087927554004174400,
                "s": "BUY",
                "p": 40808.09,
                "q": 0.010000,
                "t": 1610259567698,
                "i": "BTC_USDT"
            },
            {
                "dataTime": 1610259567725,
                "d": 1087927554004148704,
                "s": "BUY",
                "p": 40806.82,
                "q": 0.003401,
                "t": 1610259567698,
                "i": "BTC_USDT"
            },
            {
                "dataTime": 1610259567725,
                "d": 1087927554004096640,
                "s": "BUY",
                "p": 40799.90,
                "q": 0.046182,
                "t": 1610259567698,
                "i": "BTC_USDT"
            },
            {
                "dataTime": 1610259565225,
                "d": 1087927470182609408,
                "s": "BUY",
                "p": 40799.99,
                "q": 0.000024,
                "t": 1610259565200,
                "i": "BTC_USDT"
            },
            {
                "dataTime": 1610259564277,
                "d": 1087927439124880096,
                "s": "SELL",
                "p": 40798.59,
                "q": 0.000814,
                "t": 1610259564275,
                "i": "BTC_USDT"
            },
            {
                "dataTime": 1610259562738,
                "d": 1087927387485108960,
                "s": "SELL",
                "p": 40799.69,
                "q": 0.028181,
                "t": 1610259562736,
                "i": "BTC_USDT"
            },
            {
                "dataTime": 1610259562629,
                "d": 1087927383821065728,
                "s": "SELL",
                "p": 40799.69,
                "q": 0.046182,
                "t": 1610259562627,
                "i": "BTC_USDT"
            },
            {
                "dataTime": 1610259554225,
                "d": 1087927101597042688,
                "s": "SELL",
                "p": 40798.58,
                "q": 0.000398,
                "t": 1610259554216,
                "i": "BTC_USDT"
            },
            {
                "dataTime": 1610259549783,
                "d": 1087926952792209184,
                "s": "BUY",
                "p": 40790.94,
                "q": 0.092978,
                "t": 1610259549781,
                "i": "BTC_USDT"
            },
            {
                "dataTime": 1610259549449,
                "d": 1087926941614496032,
                "s": "BUY",
                "p": 40793.00,
                "q": 0.290000,
                "t": 1610259549448,
                "i": "BTC_USDT"
            },
            {
                "dataTime": 1610259549326,
                "d": 1087926937466484960,
                "s": "BUY",
                "p": 40799.94,
                "q": 0.000022,
                "t": 1610259549324,
                "i": "BTC_USDT"
            },
            {
                "dataTime": 1610259547629,
                "d": 1087926880564953664,
                "s": "SELL",
                "p": 40792.58,
                "q": 0.000330,
                "t": 1610259547628,
                "i": "BTC_USDT"
            },
            {
                "dataTime": 1610259541763,
                "d": 1087926683716125568,
                "s": "SELL",
                "p": 40792.58,
                "q": 0.000167,
                "t": 1610259541762,
                "i": "BTC_USDT"
            },
            {
                "dataTime": 1610259539264,
                "d": 1087926599815796896,
                "s": "BUY",
                "p": 40799.98,
                "q": 0.000031,
                "t": 1610259539261,
                "i": "BTC_USDT"
            },
            {
                "dataTime": 1610259538183,
                "d": 1087926563627754560,
                "s": "SELL",
                "p": 40798.47,
                "q": 0.008622,
                "t": 1610259538183,
                "i": "BTC_USDT"
            },
            {
                "dataTime": 1610259535825,
                "d": 1087926484051485056,
                "s": "SELL",
                "p": 40798.51,
                "q": 0.012315,
                "t": 1610259535811,
                "i": "BTC_USDT"
            },
            {
                "dataTime": 1610259529925,
                "d": 1087926286041136928,
                "s": "BUY",
                "p": 40787.35,
                "q": 0.020000,
                "t": 1610259529910,
                "i": "BTC_USDT"
            },
            {
                "dataTime": 1610259529925,
                "d": 1087926286041214656,
                "s": "BUY",
                "p": 40788.07,
                "q": 0.000004,
                "t": 1610259529910,
                "i": "BTC_USDT"
            },
            {
                "dataTime": 1610259529054,
                "d": 1087926257249890336,
                "s": "SELL",
                "p": 40785.79,
                "q": 0.041297,
                "t": 1610259529052,
                "i": "BTC_USDT"
            },
            {
                "dataTime": 1610259529054,
                "d": 1087926257239446464,
                "s": "SELL",
                "p": 40785.79,
                "q": 0.046182,
                "t": 1610259529052,
                "i": "BTC_USDT"
            },
            {
                "dataTime": 1610259527770,
                "d": 1087926214185154656,
                "s": "BUY",
                "p": 40787.30,
                "q": 0.028385,
                "t": 1610259527769,
                "i": "BTC_USDT"
            },
            {
                "dataTime": 1610259526482,
                "d": 1087926170985094208,
                "s": "SELL",
                "p": 40786.03,
                "q": 0.029462,
                "t": 1610259526481,
                "i": "BTC_USDT"
            },
            {
                "dataTime": 1610259518325,
                "d": 1087925896300885632,
                "s": "SELL",
                "p": 40784.07,
                "q": 0.000013,
                "t": 1610259518295,
                "i": "BTC_USDT"
            },
            {
                "dataTime": 1610259517979,
                "d": 1087925885612053792,
                "s": "SELL",
                "p": 40784.07,
                "q": 0.001571,
                "t": 1610259517976,
                "i": "BTC_USDT"
            },
            {
                "dataTime": 1610259517925,
                "d": 1087925883508494208,
                "s": "SELL",
                "p": 40784.07,
                "q": 0.001459,
                "t": 1610259517914,
                "i": "BTC_USDT"
            },
            {
                "dataTime": 1610259517925,
                "d": 1087925882702521632,
                "s": "SELL",
                "p": 40784.07,
                "q": 0.001576,
                "t": 1610259517890,
                "i": "BTC_USDT"
            },
            {
                "dataTime": 1610259517925,
                "d": 1087925882702382880,
                "s": "SELL",
                "p": 40784.07,
                "q": 0.001569,
                "t": 1610259517890,
                "i": "BTC_USDT"
            },
            {
                "dataTime": 1610259513825,
                "d": 1087925745698347008,
                "s": "BUY",
                "p": 40779.83,
                "q": 0.000657,
                "t": 1610259513807,
                "i": "BTC_USDT"
            },
            {
                "dataTime": 1610259502425,
                "d": 1087925363526802976,
                "s": "BUY",
                "p": 40783.06,
                "q": 0.000044,
                "t": 1610259502417,
                "i": "BTC_USDT"
            },
            {
                "dataTime": 1610259500225,
                "d": 1087925289478756096,
                "s": "BUY",
                "p": 40767.68,
                "q": 0.000004,
                "t": 1610259500210,
                "i": "BTC_USDT"
            },
            {
                "dataTime": 1610259499465,
                "d": 1087925264411497376,
                "s": "BUY",
                "p": 40765.81,
                "q": 0.000044,
                "t": 1610259499463,
                "i": "BTC_USDT"
            },
            {
                "dataTime": 1610259499336,
                "d": 1087925260042620704,
                "s": "SELL",
                "p": 40750.60,
                "q": 0.020000,
                "t": 1610259499333,
                "i": "BTC_USDT"
            },
            {
                "dataTime": 1610259498933,
                "d": 1087925246547174368,
                "s": "BUY",
                "p": 40757.67,
                "q": 0.000044,
                "t": 1610259498931,
                "i": "BTC_USDT"
            },
            {
                "dataTime": 1610259498825,
                "d": 1087925242864036064,
                "s": "BUY",
                "p": 40754.44,
                "q": 0.010300,
                "t": 1610259498821,
                "i": "BTC_USDT"
            },
            {
                "dataTime": 1610259498825,
                "d": 1087925242863862464,
                "s": "BUY",
                "p": 40744.87,
                "q": 0.000432,
                "t": 1610259498821,
                "i": "BTC_USDT"
            },
            {
                "dataTime": 1610259498825,
                "d": 1087925242863984448,
                "s": "BUY",
                "p": 40750.25,
                "q": 0.005891,
                "t": 1610259498821,
                "i": "BTC_USDT"
            },
            {
                "dataTime": 1610259498825,
                "d": 1087925242863951936,
                "s": "BUY",
                "p": 40744.88,
                "q": 0.010000,
                "t": 1610259498821,
                "i": "BTC_USDT"
            },
            {
                "dataTime": 1610259498325,
                "d": 1087925225824969888,
                "s": "BUY",
                "p": 40741.08,
                "q": 0.010772,
                "t": 1610259498313,
                "i": "BTC_USDT"
            },
            {
                "dataTime": 1610259497825,
                "d": 1087925208111978304,
                "s": "BUY",
                "p": 40741.08,
                "q": 0.000123,
                "t": 1610259497785,
                "i": "BTC_USDT"
            },
            {
                "dataTime": 1610259493676,
                "d": 1087925070145074656,
                "s": "BUY",
                "p": 40738.89,
                "q": 0.003996,
                "t": 1610259493674,
                "i": "BTC_USDT"
            },
            {
                "dataTime": 1610259491425,
                "d": 1087924994262966976,
                "s": "BUY",
                "p": 40742.92,
                "q": 0.006527,
                "t": 1610259491412,
                "i": "BTC_USDT"
            },
            {
                "dataTime": 1610259491425,
                "d": 1087924994195154400,
                "s": "BUY",
                "p": 40742.92,
                "q": 0.012419,
                "t": 1610259491410,
                "i": "BTC_USDT"
            },
            {
                "dataTime": 1610259491425,
                "d": 1087924994195085728,
                "s": "BUY",
                "p": 40742.18,
                "q": 0.010672,
                "t": 1610259491410,
                "i": "BTC_USDT"
            },
            {
                "dataTime": 1610259489760,
                "d": 1087924938815106400,
                "s": "BUY",
                "p": 40738.35,
                "q": 0.023091,
                "t": 1610259489760,
                "i": "BTC_USDT"
            },
            {
                "dataTime": 1610259489655,
                "d": 1087924935277084384,
                "s": "BUY",
                "p": 40738.35,
                "q": 0.184729,
                "t": 1610259489654,
                "i": "BTC_USDT"
            },
            {
                "dataTime": 1610259489426,
                "d": 1087924927424419872,
                "s": "BUY",
                "p": 40736.64,
                "q": 0.310000,
                "t": 1610259489420,
                "i": "BTC_USDT"
            },
            {
                "dataTime": 1610259487272,
                "d": 1087924855267675936,
                "s": "SELL",
                "p": 40737.68,
                "q": 0.005000,
                "t": 1610259487270,
                "i": "BTC_USDT"
            },
            {
                "dataTime": 1610259487272,
                "d": 1087924855267627616,
                "s": "SELL",
                "p": 40737.69,
                "q": 0.002655,
                "t": 1610259487270,
                "i": "BTC_USDT"
            },
            {
                "dataTime": 1610259486226,
                "d": 1087924820207018592,
                "s": "SELL",
                "p": 40738.91,
                "q": 0.002000,
                "t": 1610259486225,
                "i": "BTC_USDT"
            },
            {
                "dataTime": 1610259486226,
                "d": 1087924820206964736,
                "s": "SELL",
                "p": 40739.31,
                "q": 0.001000,
                "t": 1610259486225,
                "i": "BTC_USDT"
            },
            {
                "dataTime": 1610259486226,
                "d": 1087924820207082336,
                "s": "SELL",
                "p": 40738.09,
                "q": 0.004000,
                "t": 1610259486225,
                "i": "BTC_USDT"
            },
            {
                "dataTime": 1610259486226,
                "d": 1087924820207059520,
                "s": "SELL",
                "p": 40738.50,
                "q": 0.003000,
                "t": 1610259486225,
                "i": "BTC_USDT"
            },
            {
                "dataTime": 1610259485737,
                "d": 1087924803801091264,
                "s": "SELL",
                "p": 40742.22,
                "q": 0.004000,
                "t": 1610259485736,
                "i": "BTC_USDT"
            },
            {
                "dataTime": 1610259485737,
                "d": 1087924803801141632,
                "s": "SELL",
                "p": 40741.82,
                "q": 0.005000,
                "t": 1610259485736,
                "i": "BTC_USDT"
            },
            {
                "dataTime": 1610259485326,
                "d": 1087924789937463616,
                "s": "SELL",
                "p": 40743.04,
                "q": 0.002000,
                "t": 1610259485323,
                "i": "BTC_USDT"
            },
            {
                "dataTime": 1610259485326,
                "d": 1087924789937404448,
                "s": "SELL",
                "p": 40743.45,
                "q": 0.001000,
                "t": 1610259485323,
                "i": "BTC_USDT"
            },
            {
                "dataTime": 1610259485326,
                "d": 1087924789937507872,
                "s": "SELL",
                "p": 40742.63,
                "q": 0.003000,
                "t": 1610259485323,
                "i": "BTC_USDT"
            },
            {
                "dataTime": 1610259484450,
                "d": 1087924760571918880,
                "s": "BUY",
                "p": 40747.25,
                "q": 0.006962,
                "t": 1610259484448,
                "i": "BTC_USDT"
            },
            {
                "dataTime": 1610259484325,
                "d": 1087924756217166656,
                "s": "SELL",
                "p": 40747.31,
                "q": 0.000004,
                "t": 1610259484318,
                "i": "BTC_USDT"
            },
            {
                "dataTime": 1610259484135,
                "d": 1087924750043547648,
                "s": "BUY",
                "p": 40754.65,
                "q": 0.029117,
                "t": 1610259484134,
                "i": "BTC_USDT"
            },
            {
                "dataTime": 1610259481125,
                "d": 1087924648838359360,
                "s": "SELL",
                "p": 40762.79,
                "q": 0.000043,
                "t": 1610259481118,
                "i": "BTC_USDT"
            },
            {
                "dataTime": 1610259479725,
                "d": 1087924601504457344,
                "s": "BUY",
                "p": 40767.81,
                "q": 0.000024,
                "t": 1610259479707,
                "i": "BTC_USDT"
            },
            {
                "dataTime": 1610259478745,
                "d": 1087924569143605248,
                "s": "SELL",
                "p": 40766.81,
                "q": 0.079473,
                "t": 1610259478743,
                "i": "BTC_USDT"
            },
            {
                "dataTime": 1610259478648,
                "d": 1087924565973318528,
                "s": "SELL",
                "p": 40766.81,
                "q": 0.023091,
                "t": 1610259478648,
                "i": "BTC_USDT"
            },
            {
                "dataTime": 1610259478538,
                "d": 1087924562255947776,
                "s": "SELL",
                "p": 40766.81,
                "q": 0.046182,
                "t": 1610259478537,
                "i": "BTC_USDT"
            },
            {
                "dataTime": 1610259478432,
                "d": 1087924558681457120,
                "s": "SELL",
                "p": 40766.81,
                "q": 0.023091,
                "t": 1610259478431,
                "i": "BTC_USDT"
            },
            {
                "dataTime": 1610259477425,
                "d": 1087924524238536416,
                "s": "BUY",
                "p": 40767.84,
                "q": 0.033436,
                "t": 1610259477404,
                "i": "BTC_USDT"
            },
            {
                "dataTime": 1610259477125,
                "d": 1087924513892833280,
                "s": "BUY",
                "p": 40767.84,
                "q": 0.000856,
                "t": 1610259477096,
                "i": "BTC_USDT"
            },
            {
                "dataTime": 1610259477049,
                "d": 1087924512273919072,
                "s": "SELL",
                "p": 40767.70,
                "q": 0.000004,
                "t": 1610259477048,
                "i": "BTC_USDT"
            },
            {
                "dataTime": 1610259476925,
                "d": 1087924506898020800,
                "s": "BUY",
                "p": 40767.84,
                "q": 0.027739,
                "t": 1610259476888,
                "i": "BTC_USDT"
            },
            {
                "dataTime": 1610259476382,
                "d": 1087924489898389760,
                "s": "BUY",
                "p": 40767.84,
                "q": 0.027820,
                "t": 1610259476381,
                "i": "BTC_USDT"
            },
            {
                "dataTime": 1610259476077,
                "d": 1087924479675401056,
                "s": "BUY",
                "p": 40767.84,
                "q": 0.028621,
                "t": 1610259476076,
                "i": "BTC_USDT"
            },
            {
                "dataTime": 1610259473625,
                "d": 1087924396686588704,
                "s": "SELL",
                "p": 40782.62,
                "q": 0.031746,
                "t": 1610259473603,
                "i": "BTC_USDT"
            },
            {
                "dataTime": 1610259471226,
                "d": 1087924316695499456,
                "s": "BUY",
                "p": 40783.06,
                "q": 0.000386,
                "t": 1610259471219,
                "i": "BTC_USDT"
            },
            {
                "dataTime": 1610259469425,
                "d": 1087924255895023392,
                "s": "SELL",
                "p": 40776.53,
                "q": 0.410000,
                "t": 1610259469407,
                "i": "BTC_USDT"
            },
            {
                "dataTime": 1610259469026,
                "d": 1087924242543599040,
                "s": "BUY",
                "p": 40778.47,
                "q": 0.046182,
                "t": 1610259469009,
                "i": "BTC_USDT"
            },
            {
                "dataTime": 1610259469025,
                "d": 1087924242543173824,
                "s": "BUY",
                "p": 40778.47,
                "q": 0.092365,
                "t": 1610259469009,
                "i": "BTC_USDT"
            },
            {
                "dataTime": 1610259469025,
                "d": 1087924242542638208,
                "s": "BUY",
                "p": 40778.47,
                "q": 0.184729,
                "t": 1610259469009,
                "i": "BTC_USDT"
            },
            {
                "dataTime": 1610259469025,
                "d": 1087924242496248832,
                "s": "BUY",
                "p": 40778.47,
                "q": 0.023091,
                "t": 1610259469008,
                "i": "BTC_USDT"
            },
            {
                "dataTime": 1610259466225,
                "d": 1087924147705326528,
                "s": "BUY",
                "p": 40778.47,
                "q": 0.028621,
                "t": 1610259466183,
                "i": "BTC_USDT"
            },
            {
                "dataTime": 1610259463554,
                "d": 1087924059384413408,
                "s": "BUY",
                "p": 40786.52,
                "q": 0.009267,
                "t": 1610259463551,
                "i": "BTC_USDT"
            },
            {
                "dataTime": 1610259460563,
                "d": 1087923959099603232,
                "s": "BUY",
                "p": 40790.36,
                "q": 0.052647,
                "t": 1610259460562,
                "i": "BTC_USDT"
            },
            {
                "dataTime": 1610259457825,
                "d": 1087923866277374944,
                "s": "SELL",
                "p": 40787.25,
                "q": 0.028727,
                "t": 1610259457796,
                "i": "BTC_USDT"
            },
            {
                "dataTime": 1610259457825,
                "d": 1087923866277280224,
                "s": "SELL",
                "p": 40791.56,
                "q": 0.000527,
                "t": 1610259457796,
                "i": "BTC_USDT"
            },
            {
                "dataTime": 1610259457825,
                "d": 1087923866277244704,
                "s": "SELL",
                "p": 40792.87,
                "q": 0.000761,
                "t": 1610259457796,
                "i": "BTC_USDT"
            },
            {
                "dataTime": 1610259457825,
                "d": 1087923866277337664,
                "s": "SELL",
                "p": 40788.09,
                "q": 0.000004,
                "t": 1610259457796,
                "i": "BTC_USDT"
            },
            {
                "dataTime": 1610259457825,
                "d": 1087923866277151840,
                "s": "SELL",
                "p": 40792.88,
                "q": 0.000624,
                "t": 1610259457796,
                "i": "BTC_USDT"
            },
            {
                "dataTime": 1610259449979,
                "d": 1087923603927930496,
                "s": "SELL",
                "p": 40814.42,
                "q": 0.091883,
                "t": 1610259449977,
                "i": "BTC_USDT"
            },
            {
                "dataTime": 1610259448072,
                "d": 1087923539950453248,
                "s": "SELL",
                "p": 40814.14,
                "q": 0.000122,
                "t": 1610259448070,
                "i": "BTC_USDT"
            },
            {
                "dataTime": 1610259445053,
                "d": 1087923438625578624,
                "s": "SELL",
                "p": 40812.76,
                "q": 0.023091,
                "t": 1610259445051,
                "i": "BTC_USDT"
            },
            {
                "dataTime": 1610259444055,
                "d": 1087923405192765568,
                "s": "SELL",
                "p": 40812.76,
                "q": 0.000001,
                "t": 1610259444054,
                "i": "BTC_USDT"
            },
            {
                "dataTime": 1610259443841,
                "d": 1087923398000951680,
                "s": "SELL",
                "p": 40812.76,
                "q": 0.023091,
                "t": 1610259443840,
                "i": "BTC_USDT"
            },
            {
                "dataTime": 1610259443525,
                "d": 1087923386698739168,
                "s": "SELL",
                "p": 40812.76,
                "q": 0.023091,
                "t": 1610259443503,
                "i": "BTC_USDT"
            },
            {
                "dataTime": 1610259442825,
                "d": 1087923362862971712,
                "s": "SELL",
                "p": 40812.76,
                "q": 0.000008,
                "t": 1610259442793,
                "i": "BTC_USDT"
            },
            {
                "dataTime": 1610259441981,
                "d": 1087923335556482016,
                "s": "SELL",
                "p": 40807.84,
                "q": 0.000017,
                "t": 1610259441979,
                "i": "BTC_USDT"
            },
            {
                "dataTime": 1610259441358,
                "d": 1087923314647517376,
                "s": "BUY",
                "p": 40810.27,
                "q": 0.020000,
                "t": 1610259441356,
                "i": "BTC_USDT"
            },
            {
                "dataTime": 1610259439825,
                "d": 1087923263169857312,
                "s": "BUY",
                "p": 40808.44,
                "q": 0.016278,
                "t": 1610259439822,
                "i": "BTC_USDT"
            },
            {
                "dataTime": 1610259439825,
                "d": 1087923263169933920,
                "s": "BUY",
                "p": 40808.48,
                "q": 0.000004,
                "t": 1610259439822,
                "i": "BTC_USDT"
            },
            {
                "dataTime": 1610259438525,
                "d": 1087923219193396736,
                "s": "BUY",
                "p": 40808.44,
                "q": 0.000017,
                "t": 1610259438511,
                "i": "BTC_USDT"
            },
            {
                "dataTime": 1610259432135,
                "d": 1087923005205835712,
                "s": "BUY",
                "p": 40796.27,
                "q": 0.010000,
                "t": 1610259432134,
                "i": "BTC_USDT"
            },
            {
                "dataTime": 1610259431325,
                "d": 1087922977404616960,
                "s": "BUY",
                "p": 40792.87,
                "q": 0.000528,
                "t": 1610259431305,
                "i": "BTC_USDT"
            },
            {
                "dataTime": 1610259431325,
                "d": 1087922977404578464,
                "s": "BUY",
                "p": 40792.86,
                "q": 0.009500,
                "t": 1610259431305,
                "i": "BTC_USDT"
            },
            {
                "dataTime": 1610259431325,
                "d": 1087922977402234016,
                "s": "BUY",
                "p": 40792.86,
                "q": 0.023091,
                "t": 1610259431305,
                "i": "BTC_USDT"
            },
            {
                "dataTime": 1610259427153,
                "d": 1087922837969824608,
                "s": "BUY",
                "p": 40793.00,
                "q": 0.000019,
                "t": 1610259427150,
                "i": "BTC_USDT"
            },
            {
                "dataTime": 1610259425625,
                "d": 1087922785818677440,
                "s": "SELL",
                "p": 40792.32,
                "q": 0.020360,
                "t": 1610259425595,
                "i": "BTC_USDT"
            },
            {
                "dataTime": 1610259425125,
                "d": 1087922769035309120,
                "s": "SELL",
                "p": 40792.32,
                "q": 0.000003,
                "t": 1610259425095,
                "i": "BTC_USDT"
            },
            {
                "dataTime": 1610259423941,
                "d": 1087922730276989376,
                "s": "SELL",
                "p": 40789.60,
                "q": 0.000084,
                "t": 1610259423940,
                "i": "BTC_USDT"
            },
            {
                "dataTime": 1610259423537,
                "d": 1087922716722121632,
                "s": "SELL",
                "p": 40789.60,
                "q": 0.000084,
                "t": 1610259423536,
                "i": "BTC_USDT"
            },
            {
                "dataTime": 1610259423533,
                "d": 1087922716596093312,
                "s": "SELL",
                "p": 40789.60,
                "q": 0.000300,
                "t": 1610259423532,
                "i": "BTC_USDT"
            },
            {
                "dataTime": 1610259423430,
                "d": 1087922713156417792,
                "s": "SELL",
                "p": 40789.60,
                "q": 0.000739,
                "t": 1610259423430,
                "i": "BTC_USDT"
            },
            {
                "dataTime": 1610259423342,
                "d": 1087922710150040928,
                "s": "SELL",
                "p": 40789.60,
                "q": 0.000300,
                "t": 1610259423340,
                "i": "BTC_USDT"
            },
            {
                "dataTime": 1610259423342,
                "d": 1087922710092178624,
                "s": "SELL",
                "p": 40789.60,
                "q": 0.000300,
                "t": 1610259423339,
                "i": "BTC_USDT"
            },
            {
                "dataTime": 1610259416171,
                "d": 1087922469525016864,
                "s": "SELL",
                "p": 40790.48,
                "q": 0.023091,
                "t": 1610259416169,
                "i": "BTC_USDT"
            },
            {
                "dataTime": 1610259414925,
                "d": 1087922426616203424,
                "s": "SELL",
                "p": 40777.72,
                "q": 0.000288,
                "t": 1610259414890,
                "i": "BTC_USDT"
            },
            {
                "dataTime": 1610259413425,
                "d": 1087922376262340032,
                "s": "BUY",
                "p": 40779.69,
                "q": 0.010000,
                "t": 1610259413390,
                "i": "BTC_USDT"
            },
            {
                "dataTime": 1610259411636,
                "d": 1087922317386888640,
                "s": "BUY",
                "p": 40772.04,
                "q": 0.000404,
                "t": 1610259411635,
                "i": "BTC_USDT"
            },
            {
                "dataTime": 1610259410150,
                "d": 1087922267526726496,
                "s": "SELL",
                "p": 40771.18,
                "q": 0.004189,
                "t": 1610259410149,
                "i": "BTC_USDT"
            },
            {
                "dataTime": 1610259406067,
                "d": 1087922130477100512,
                "s": "SELL",
                "p": 40788.09,
                "q": 0.000004,
                "t": 1610259406065,
                "i": "BTC_USDT"
            },
            {
                "dataTime": 1610259406067,
                "d": 1087922130477013312,
                "s": "SELL",
                "p": 40789.10,
                "q": 0.004794,
                "t": 1610259406065,
                "i": "BTC_USDT"
            },
            {
                "dataTime": 1610259404925,
                "d": 1087922091000432736,
                "s": "SELL",
                "p": 40793.50,
                "q": 0.005252,
                "t": 1610259404888,
                "i": "BTC_USDT"
            },
            {
                "dataTime": 1610259403055,
                "d": 1087922029395551040,
                "s": "BUY",
                "p": 40799.32,
                "q": 0.000008,
                "t": 1610259403052,
                "i": "BTC_USDT"
            },
            {
                "dataTime": 1610259401125,
                "d": 1087921964450157056,
                "s": "BUY",
                "p": 40799.33,
                "q": 0.032115,
                "t": 1610259401117,
                "i": "BTC_USDT"
            },
            {
                "dataTime": 1610259400754,
                "d": 1087921952197525280,
                "s": "SELL",
                "p": 40799.32,
                "q": 0.000004,
                "t": 1610259400752,
                "i": "BTC_USDT"
            },
            {
                "dataTime": 1610259399226,
                "d": 1087921900973558944,
                "s": "BUY",
                "p": 40799.33,
                "q": 0.000005,
                "t": 1610259399225,
                "i": "BTC_USDT"
            },
            {
                "dataTime": 1610259399185,
                "d": 1087921899519098336,
                "s": "SELL",
                "p": 40799.32,
                "q": 0.000022,
                "t": 1610259399182,
                "i": "BTC_USDT"
            },
            {
                "dataTime": 1610259395166,
                "d": 1087921764729681888,
                "s": "SELL",
                "p": 40802.53,
                "q": 0.008414,
                "t": 1610259395165,
                "i": "BTC_USDT"
            },
            {
                "dataTime": 1610259394225,
                "d": 1087921731787402432,
                "s": "SELL",
                "p": 40799.45,
                "q": 0.004976,
                "t": 1610259394183,
                "i": "BTC_USDT"
            },
            {
                "dataTime": 1610259393367,
                "d": 1087921704342911840,
                "s": "SELL",
                "p": 40799.45,
                "q": 0.000009,
                "t": 1610259393365,
                "i": "BTC_USDT"
            },
            {
                "dataTime": 1610259390265,
                "d": 1087921600270337216,
                "s": "BUY",
                "p": 40809.38,
                "q": 0.122767,
                "t": 1610259390263,
                "i": "BTC_USDT"
            },
            {
                "dataTime": 1610259389425,
                "d": 1087921571445683136,
                "s": "SELL",
                "p": 40806.68,
                "q": 0.021925,
                "t": 1610259389404,
                "i": "BTC_USDT"
            },
            {
                "dataTime": 1610259389425,
                "d": 1087921571445749888,
                "s": "SELL",
                "p": 40799.45,
                "q": 0.448075,
                "t": 1610259389404,
                "i": "BTC_USDT"
            },
            {
                "dataTime": 1610259387225,
                "d": 1087921498034614784,
                "s": "BUY",
                "p": 40815.00,
                "q": 0.000917,
                "t": 1610259387216,
                "i": "BTC_USDT"
            },
            {
                "dataTime": 1610259386950,
                "d": 1087921489047495968,
                "s": "SELL",
                "p": 40816.24,
                "q": 0.020174,
                "t": 1610259386949,
                "i": "BTC_USDT"
            },
            {
                "dataTime": 1610259386225,
                "d": 1087921464544826240,
                "s": "SELL",
                "p": 40816.24,
                "q": 0.000269,
                "t": 1610259386218,
                "i": "BTC_USDT"
            },
            {
                "dataTime": 1610259386225,
                "d": 1087921464505318688,
                "s": "BUY",
                "p": 40816.29,
                "q": 0.000734,
                "t": 1610259386217,
                "i": "BTC_USDT"
            },
            {
                "dataTime": 1610259386181,
                "d": 1087921463245770848,
                "s": "BUY",
                "p": 40816.24,
                "q": 0.039600,
                "t": 1610259386180,
                "i": "BTC_USDT"
            },
            {
                "dataTime": 1610259385825,
                "d": 1087921451234057216,
                "s": "SELL",
                "p": 40816.23,
                "q": 0.000003,
                "t": 1610259385822,
                "i": "BTC_USDT"
            },
            {
                "dataTime": 1610259385031,
                "d": 1087921424637196096,
                "s": "SELL",
                "p": 40816.23,
                "q": 0.000140,
                "t": 1610259385029,
                "i": "BTC_USDT"
            },
            {
                "dataTime": 1610259383725,
                "d": 1087921379736856352,
                "s": "SELL",
                "p": 40816.23,
                "q": 0.000004,
                "t": 1610259383691,
                "i": "BTC_USDT"
            },
            {
                "dataTime": 1610259382025,
                "d": 1087921323622673536,
                "s": "SELL",
                "p": 40811.81,
                "q": 0.000001,
                "t": 1610259382019,
                "i": "BTC_USDT"
            },
            {
                "dataTime": 1610259378925,
                "d": 1087921219365067712,
                "s": "SELL",
                "p": 40799.31,
                "q": 0.000003,
                "t": 1610259378911,
                "i": "BTC_USDT"
            },
            {
                "dataTime": 1610259378637,
                "d": 1087921210072473728,
                "s": "BUY",
                "p": 40808.12,
                "q": 0.000001,
                "t": 1610259378634,
                "i": "BTC_USDT"
            },
            {
                "dataTime": 1610259378425,
                "d": 1087921202997486656,
                "s": "BUY",
                "p": 40808.12,
                "q": 0.000336,
                "t": 1610259378424,
                "i": "BTC_USDT"
            },
            {
                "dataTime": 1610259378069,
                "d": 1087921191049440000,
                "s": "BUY",
                "p": 40800.45,
                "q": 0.000108,
                "t": 1610259378068,
                "i": "BTC_USDT"
            },
            {
                "dataTime": 1610259368225,
                "d": 1087920860174404640,
                "s": "SELL",
                "p": 40789.10,
                "q": 0.000096,
                "t": 1610259368207,
                "i": "BTC_USDT"
            },
            {
                "dataTime": 1610259366574,
                "d": 1087920805341792128,
                "s": "SELL",
                "p": 40798.18,
                "q": 0.018707,
                "t": 1610259366573,
                "i": "BTC_USDT"
            },
            {
                "dataTime": 1610259366574,
                "d": 1087920805341728672,
                "s": "SELL",
                "p": 40800.44,
                "q": 0.000297,
                "t": 1610259366573,
                "i": "BTC_USDT"
            },
            {
                "dataTime": 1610259366425,
                "d": 1087920799539892288,
                "s": "SELL",
                "p": 40800.44,
                "q": 0.000103,
                "t": 1610259366400,
                "i": "BTC_USDT"
            },
            {
                "dataTime": 1610259365548,
                "d": 1087920770932110656,
                "s": "SELL",
                "p": 40798.18,
                "q": 0.000268,
                "t": 1610259365547,
                "i": "BTC_USDT"
            },
            {
                "dataTime": 1610259359679,
                "d": 1087920573968350624,
                "s": "SELL",
                "p": 40800.45,
                "q": 0.002287,
                "t": 1610259359677,
                "i": "BTC_USDT"
            },
            {
                "dataTime": 1610259358854,
                "d": 1087920546275162784,
                "s": "SELL",
                "p": 40789.10,
                "q": 0.005551,
                "t": 1610259358852,
                "i": "BTC_USDT"
            },
            {
                "dataTime": 1610259358547,
                "d": 1087920536002478176,
                "s": "SELL",
                "p": 40789.10,
                "q": 0.005851,
                "t": 1610259358546,
                "i": "BTC_USDT"
            },
            {
                "dataTime": 1610259353626,
                "d": 1087920370323881280,
                "s": "SELL",
                "p": 40799.77,
                "q": 0.003635,
                "t": 1610259353608,
                "i": "BTC_USDT"
            },
            {
                "dataTime": 1610259353625,
                "d": 1087920369946302016,
                "s": "SELL",
                "p": 40799.77,
                "q": 0.000119,
                "t": 1610259353597,
                "i": "BTC_USDT"
            },
            {
                "dataTime": 1610259350925,
                "d": 1087920278997956992,
                "s": "SELL",
                "p": 40800.79,
                "q": 0.008715,
                "t": 1610259350886,
                "i": "BTC_USDT"
            },
            {
                "dataTime": 1610259350826,
                "d": 1087920276572503136,
                "s": "SELL",
                "p": 40800.79,
                "q": 0.000408,
                "t": 1610259350814,
                "i": "BTC_USDT"
            },
            {
                "dataTime": 1610259350652,
                "d": 1087920271089498752,
                "s": "SELL",
                "p": 40800.79,
                "q": 0.023091,
                "t": 1610259350651,
                "i": "BTC_USDT"
            },
            {
                "dataTime": 1610259350625,
                "d": 1087920269946633536,
                "s": "SELL",
                "p": 40800.79,
                "q": 0.000408,
                "t": 1610259350617,
                "i": "BTC_USDT"
            },
            {
                "dataTime": 1610259349850,
                "d": 1087920244113007552,
                "s": "SELL",
                "p": 40801.33,
                "q": 0.410000,
                "t": 1610259349847,
                "i": "BTC_USDT"
            },
            {
                "dataTime": 1610259347676,
                "d": 1087920171247668384,
                "s": "SELL",
                "p": 40805.63,
                "q": 0.024156,
                "t": 1610259347675,
                "i": "BTC_USDT"
            },
            {
                "dataTime": 1610259345625,
                "d": 1087920101938456288,
                "s": "SELL",
                "p": 40808.12,
                "q": 0.000406,
                "t": 1610259345610,
                "i": "BTC_USDT"
            },
            {
                "dataTime": 1610259345363,
                "d": 1087920093610423680,
                "s": "SELL",
                "p": 40808.12,
                "q": 0.000016,
                "t": 1610259345361,
                "i": "BTC_USDT"
            },
            {
                "dataTime": 1610259344925,
                "d": 1087920078023615904,
                "s": "SELL",
                "p": 40804.38,
                "q": 0.063984,
                "t": 1610259344897,
                "i": "BTC_USDT"
            }
        ]
    }
}
